[gd_scene format=3 uid="uid://ivslve03628b"]

[node name="PlanetEconomyBuildingUi" type="VBoxContainer"]
offset_top = 26.0
offset_right = 292.0
offset_bottom = 168.0
size_flags_vertical = 3

[node name="ResourceTemplate" type="HBoxContainer" parent="."]
visible = false
layout_mode = 2
size_flags_horizontal = 3

[node name="Name" type="Label" parent="ResourceTemplate"]
layout_mode = 2
size_flags_horizontal = 3
text = "RESOURCENAME: "

[node name="Amount" type="Label" parent="ResourceTemplate"]
layout_mode = 2
text = "84654654"

[node name="InputBodyContainer" type="VBoxContainer" parent="."]
custom_minimum_size = Vector2(0, 72)
layout_mode = 2
size_flags_horizontal = 3
size_flags_vertical = 3

[node name="InputLabel" type="Label" parent="InputBodyContainer"]
layout_mode = 2
text = "Input"

[node name="HSeparator" type="HSeparator" parent="InputBodyContainer"]
layout_mode = 2
size_flags_horizontal = 3

[node name="InputScrollContainer" type="ScrollContainer" parent="InputBodyContainer"]
layout_mode = 2
size_flags_vertical = 3

[node name="InputResourceContainer" type="VBoxContainer" parent="InputBodyContainer/InputScrollContainer"]
layout_mode = 2
size_flags_horizontal = 3
size_flags_vertical = 3
alignment = 1

[node name="OutputBodyContainer" type="VBoxContainer" parent="."]
layout_mode = 2
size_flags_vertical = 3

[node name="Output" type="Label" parent="OutputBodyContainer"]
layout_mode = 2
text = "Ouput"

[node name="HSeparator" type="HSeparator" parent="OutputBodyContainer"]
layout_mode = 2

[node name="OutputScrollContainer" type="ScrollContainer" parent="OutputBodyContainer"]
layout_mode = 2
size_flags_horizontal = 3
size_flags_vertical = 3

[node name="OutputResourceContainer" type="VBoxContainer" parent="OutputBodyContainer/OutputScrollContainer"]
layout_mode = 2
size_flags_horizontal = 3
size_flags_vertical = 3
alignment = 1
